@misc{MIT:2010,
  author       = {MIT},
  title        = {{Convolutional Coding}},
  year         = 2010,
  note = {Dispon√≠vel em: http://web.mit.edu/6.02/www/f2010/ handouts/lectures/L8.pdf. Acesso em 28/05/2017} 
}